<collection xmlns="http://www.loc.gov/MARC21/slim"><record><leader>00672nam  2200205   450</leader><controlfield tag="001">305</controlfield><controlfield tag="003">http://montalegre.opacnet.com/OPAC/default.aspx?ContentAreaControl=ShowRegHoldings.ascx&amp;RegNo=16662</controlfield><datafield tag="095" ind1=" " ind2=" "><subfield code="a">PTBN00760837</subfield></datafield><datafield tag="100" ind1=" " ind2=" "><subfield code="a">19950814d1965    m  y0pory010305  ba</subfield></datafield><datafield tag="101" ind1="1" ind2=" "><subfield code="a">por</subfield></datafield><datafield tag="102" ind1=" " ind2=" "><subfield code="a">PT</subfield></datafield><datafield tag="200" ind1="1" ind2=" "><subfield code="a">&lt;A &gt;viela de Moscovo</subfield><subfield code="f">Ilya Ehrenbourg</subfield><subfield code="g">trad. Maria Armanda Falcão e José Tengarrinha</subfield></datafield><datafield tag="210" ind1=" " ind2=" "><subfield code="a">Lisboa</subfield><subfield code="c">Portugália</subfield><subfield code="d">1965</subfield></datafield><datafield tag="215" ind1=" " ind2=" "><subfield code="a">245 p., [1] f</subfield><subfield code="d">16 cm</subfield></datafield><datafield tag="225" ind1="2" ind2=" "><subfield code="a">&lt;O &gt;livro de bolso</subfield><subfield code="v">70/71</subfield></datafield><datafield tag="675" ind1=" " ind2=" "><subfield code="a">821</subfield><subfield code="z">por</subfield></datafield><datafield tag="700" ind1=" " ind2="1"><subfield code="a">Ehrenburg</subfield><subfield code="b">Ilya</subfield><subfield code="f">1891-1967</subfield></datafield><datafield tag="702" ind1=" " ind2="1"><subfield code="a">Lagoa</subfield><subfield code="b">Vera</subfield><subfield code="c">pseud</subfield><subfield code="4">730</subfield></datafield><datafield tag="702" ind1=" " ind2="1"><subfield code="a">Tengarrinha</subfield><subfield code="b">José</subfield><subfield code="f">1932</subfield><subfield code="4">730</subfield></datafield><datafield tag="801" ind1=" " ind2="0"><subfield code="a">PT</subfield><subfield code="b">Biblioteca Municipal de Montalegre</subfield><subfield code="g">RPC</subfield></datafield><datafield tag="909" ind1="&#9;" ind2=" "><subfield code="a">1</subfield></datafield><datafield tag="966" ind1=" " ind2=" "><subfield code="a">0008872</subfield><subfield code="l">BMM</subfield><subfield code="s">SCG 821 EHR vie</subfield></datafield></record></collection>